<?xml version="1.0" encoding="UTF-8"?><collection xmlns="http://www.loc.gov/MARC21/slim"><record><leader>00422nam--2200145-i-4500</leader><controlfield tag="001">000026665</controlfield><controlfield tag="002">20161230</controlfield><controlfield tag="005">20161230201036</controlfield><controlfield tag="008">060222s1000------------r-----000-0-eng-d</controlfield><datafield ind1=" " ind2=" " tag="080"><subfield code="a">519.5</subfield></datafield><datafield ind1=" " ind2=" " tag="100"><subfield code="a">Klaua, Dieter</subfield></datafield><datafield ind1=" " ind2=" " tag="245"><subfield code="a">Allgemeine mengenlehre. ein fundament der mathematik</subfield></datafield><datafield ind1=" " ind2=" " tag="260"><subfield code="a">Berlin, Akademie-verlag, 1964, Viii + 581p</subfield></datafield><datafield ind1=" " ind2=" " tag="490"><subfield code="a">Mathematische Lehrbucher Und Monographien, I Abteilung</subfield></datafield><datafield ind1=" " ind2=" " tag="852"><subfield code="a">22620</subfield></datafield></record></collection>